% IMPORTANT: Latex special characters are: # $ % & \ ^ _ { } ~. To avoid mistakes when compiling the reference list try writing \ before. For: \ use \textbackslash ; for ^ \textasciitilde and ~ \textasciicircum.

% @book{key,
%   author         = {},
%   title          = {},
%   edition        = {},
%   series         = {},
%   publisher      = {},
%   year           = {},
%   url            = {},
% }

% @article{key,
%   author          = {},
%   journal         = {},
%   number          = {},
%   title           = {},
%   volume          = {},
%   year            = {},
%   doi             = {},
% }


% @techreport{IEEE830-1984,
%   title       = {{IEEE Guide for Software Requirements Specifications}},
%   type        = {IEEE Std.},
%   number      = {830-1984},
%   year        = {1984},
%   institution = {Institute of Electrical and Electronics Engineers},
%   doi         = {10.1109/IEEESTD.1984.119205}
% }

@article{viviendas-prohibicion,
   author          = {La mirada crítica},
   journal         = {Telecinco},
   % number          = {},
   title           = {Yolanda Díaz, ante el problema de la vivienda: "Hay que prohibir temporalmente la compraventa salvo para alquiler justo o que no sirvan para especular"},
   % volume          = {},
   % pages           = {},
   month           = {10},
   year            = {2024},
   url             = {https://www.telecinco.es/la-mirada-critica/20241002/yolanda-diaz-problema-vivienda_18_013602687.html},
   urldate         = {2024-11-08}
}

@article{viviendas-regulacion,
   author          = {Cadena Ser},
   journal         = {Cadena Ser},
   % number          = {},
   title           = {Yolanda Díaz rechaza ahora el bono de alquiler pese a figurar en el acuerdo de Gobierno entre PSOE y Sumar: "Se acabaron los parches"},
   % volume          = {},
   % pages           = {},
   month           = {10},
   year            = {2024},
   url             = {https://cadenaser.com/nacional/2024/10/14/yolanda-diaz-rechaza-ahora-el-bono-de-alquiler-pese-a-figurar-en-el-acuerdo-de-gobierno-con-el-psoe-se-acabaron-los-parches-cadena-ser/},
   urldate         = {2024-11-08}
}

@article{viviendas-precio-burbuja,
   author          = {David Noriega and Raúl Sánchez and Victòria Oliveres},
   journal         = {elDiario.es},
   % number          = {},
   title           = {El aumento del precio del alquiler y la especulación avivan las protestas por el derecho a la vivienda},
   % volume          = {},
   % pages           = {},
   month           = {10},
   year            = {2024},
   url             = {https://www.eldiario.es/economia/aumento-precio-alquiler-especulacion-avivan-protestas-derecho-vivienda_1_11726321.html},
   urldate         = {2024-11-08}
}

@article{viviendas-precio-inaccesible,
   author          = {Isabel Fuentes},
   journal         = {20Minutos},
   % number          = {},
   title           = {La vivienda, casi inaccesible para los jóvenes: alquileres que 'se comen' más de la mitad del sueldo y pisos compartidos a los 30},
   % volume          = {},
   % pages           = {},
   month           = {10},
   year            = {2024},
   url             = {https://www.20minutos.es/noticia/5642711/0/vivienda-casi-imposible-para-los-jovenes-alquileres-que-se-comen-mas-mitad-sueldo-pisos-compartidos-los-30/},
   urldate         = {2024-11-08}
}

@article{viviendas-precio-aumento,
   author          = {Redacción},
   journal         = {Idealista},
   % number          = {},
   title           = {El precio del alquiler sigue subiendo en las grandes ciudades con la Ley de Vivienda en vigor},
   % volume          = {},
   % pages           = {},
   month           = {10},
   year            = {2023},
   url             = {https://www.idealista.com/news/inmobiliario/vivienda/2023/10/02/808325-la-ley-de-vivienda-no-consigue-frenar-la-escalada-de-precios-del-alquiler-en-las},
   urldate         = {2024-11-08}
}

@techreport{PISA-2022,
  author      = {Gobierno de España},
  title       = {PISA 2022. Competencia financiera. Informe espannol},
  institution = {Ministerio de Educación, Formación Profesional y Deportes},
  year        = {2024},
  address     = {España},
  url         = {https://www.libreria.educacion.gob.es/libro/pisa-2022-competencia-financiera-informe-espanol_184455/},
  note        = {Consultado: 15 noviembre, 2024}
}

@online{fuzzy-docs,
  author          = {MathWorks},
  title           = {Fuzzy Logic Toolbox},
  year            = {2024},
  url             = {https://es.mathworks.com/help/fuzzy/},
  urldate         = {2024-11-08},
}
